@article{han2015deepcompression,
  title={Learning both weights and connections for efficient neural networks},
  author={Han, Song and Pool, Jeff and Tran, John and Dally, William J},
  journal={Advances in Neural Information Processing Systems},
  volume={28},
  year={2015},
}

@article{sun2023pruningllm,
  title={A simple and effective pruning approach for large language models},
  author={Sun, M. and Liu, Z. and Bair, A. and Kolter, J. Z.},
  journal={arXiv preprint arXiv:2306.11695},
  year={2023},
}

@article{xu2023boostingMT,
  title={A paradigm shift in machine translation: Boosting translation performance of large language models},
  author={Xu, H. and Kim, Y. J. and Sharaf, A. and Awadalla, H. H.},
  journal={arXiv preprint arXiv:2309.11674},
  year={2023},
}

@inproceedings{dettmers2024qlora,
  title={Qlora: Efficient finetuning of quantized LLMs},
  author={Dettmers, T. and Pagnoni, A. and Holtzman, A. and Zettlemoyer, L.},
  booktitle={Advances in Neural Information Processing Systems},
  volume={36},
  year={2024},
}

@article{das2023beyondsize,
  title={Beyond size: How gradients shape pruning decisions in large language models},
  author={Das, R. J. and Ma, L. and Shen, Z.},
  journal={arXiv preprint arXiv:2311.04902},
  year={2023},
}

@article{zhu2023modelcompression,
  title={A survey on model compression for large language models},
  author={Zhu, X. and Li, J. and Liu, Y. and Ma, C. and Wang, W.},
  journal={arXiv preprint arXiv:2308.07633},
  year={2023},
}
